
@INPROCEEDINGS{2020sea..confE.182R,
       author = {{Rodrigo}, C. and {Solano}, E.},
        title = "{The SVO Filter Profile Service}",
    booktitle = {XIV.0 Scientific Meeting (virtual) of the Spanish Astronomical Society},
         year = 2020,
        month = jul,
          eid = {182},
        pages = {182},
       adsurl = {https://ui.adsabs.harvard.edu/abs/2020sea..confE.182R},
      adsnote = {Provided by the SAO/NASA Astrophysics Data System}
}
@article{doi:10.1146/annurev.astro.41.082801.100251,
author = {Bessell, Michael S.},
title = {Standard Photometric Systems},
journal = {Annual Review of Astronomy and Astrophysics},
volume = {43},
number = {1},
pages = {293-336},
year = {2005},
doi = {10.1146/annurev.astro.41.082801.100251},
URL = { https://doi.org/10.1146/annurev.astro.41.082801.100251},
eprint = {https://doi.org/10.1146/annurev.astro.41.082801.100251}
}

@techreport{longo,
     title = {{Notes on photometric systems zero-points}},
     author = {G. Longo},
     year = {2008},
     institution = {IVOA Internal Report}
}
@techreport{connell,
     title = {{Magnitude and Color Systems}},
     author = {O’Connell},
     year = {2000},
     institution = {ASTR 511/O’Connell Lec 14}
}

@techreport{brujine,
     title = {{Stellar fluxes: transformations and calibrations}},
     author = {Brujine},
     year = {2003},
     institution = {ESA Tech. Note}
}

@ARTICLE{1982AJ.....87..670O,
       author = {{Oke}, J.~B. and {Wade}, R.~A.},
        title = "{A spectrophotometric survey of cataclysmic variable stars}",
      journal = {The Astrophysical Journal},
     keywords = {Dwarf Novae, Emission Spectra, Spectral Energy Distribution, Stellar Spectrophotometry, Variable Stars, Balmer Series, Radiant Flux Density, Stellar Evolution, Wavelengths, Astronomy},
         year = 1982,
        month = apr,
       volume = {87},
        pages = {670-679},
          doi = {10.1086/113143},
       adsurl = {https://ui.adsabs.harvard.edu/abs/1982AJ.....87..670O},
      adsnote = {Provided by the SAO/NASA Astrophysics Data System}
}

@ARTICLE{1996BaltA...5..459S,
       author = {{Straizys}, V.},
        title = "{The Method of Synthetic Photometry}",
      journal = {Baltic Astronomy},
     keywords = {METHODS: NUMERICAL, TECHNIQUES: PHOTOMETRIC, STARS: FUNDAMENTAL PARAMETERS, SPECTRAL ENERGY DISTRIBUTIONS},
         year = 1996,
        month = jan,
       volume = {5},
        pages = {459-476},
          doi = {10.1515/astro-1996-0308},
       adsurl = {https://ui.adsabs.harvard.edu/abs/1996BaltA...5..459S},
      adsnote = {Provided by the SAO/NASA Astrophysics Data System}
}

@ARTICLE{2004A&A...422..205G,
       author = {{Girardi}, L. and {Grebel}, E.~K. and {Odenkirchen}, M. and {Chiosi}, C.},
        title = "{Theoretical isochrones in several photometric systems. II. The Sloan Digital Sky Survey ugriz system}",
      journal = {Astronomy \& Astrophysics},
     keywords = {stars: fundamental parameters, stars: Hertzprung-Russell (HR) and C-M diagrams, galaxies: globular clusters: individual: Palomar 5, galaxies: globular clusters: individual: NGC 2419, galaxies: individual: Draco dSph, Astrophysics},
         year = 2004,
        month = jul,
       volume = {422},
        pages = {205-215},
          doi = {10.1051/0004-6361:20040250},
archivePrefix = {arXiv},
       eprint = {astro-ph/0404358},
 primaryClass = {astro-ph},
       adsurl = {https://ui.adsabs.harvard.edu/abs/2004A&A...422..205G},
      adsnote = {Provided by the SAO/NASA Astrophysics Data System}
}

@INPROCEEDINGS{2007ASPC..364..227M,
       author = {{Ma{\'\i}z Apell{\'a}niz}, J.},
        title = "{A Uniform Set of Optical/NIR Photometric Zero Points to be Used with CHORIZOS}",
     keywords = {Astrophysics},
    booktitle = {The Future of Photometric, Spectrophotometric and Polarimetric Standardization},
         year = 2007,
       editor = {{Sterken}, C.},
       series = {Astronomical Society of the Pacific Conference Series},
       volume = {364},
        month = apr,
        pages = {227},
archivePrefix = {arXiv},
       eprint = {astro-ph/0609430},
 primaryClass = {astro-ph},
       adsurl = {https://ui.adsabs.harvard.edu/abs/2007ASPC..364..227M},
      adsnote = {Provided by the SAO/NASA Astrophysics Data System}
}

@misc{2012ivoatody,
    title={IVOA Recommendation: Simple Spectral Access Protocol Version 1.1},
    author={Doug Tody and Markus Dolensky and Jonathan McDowell and Francois Bonnarel and Tamas Budavari and Ivo Busko and Alberto Micol and Pedro Osuna and Jesus Salgado and Petr Skoda and Randy Thompson and Frank Valdes and the Data Access Layer working group},
    year={2012},
    eprint={1203.5725},
    archivePrefix={arXiv},
    primaryClass={astro-ph.IM}
}

@ARTICLE{1999AJ....118.1406L,
       author = {{Lupton}, Robert H. and {Gunn}, James E. and {Szalay}, Alexander S.},
        title = "{A Modified Magnitude System that Produces Well-Behaved Magnitudes, Colors, and Errors Even for Low Signal-to-Noise Ratio Measurements}",
      journal = {The Astrophysical Journal},
     keywords = {CATALOGS, METHODS: STATISTICAL, TECHNIQUES: PHOTOMETRIC, Astrophysics},
         year = 1999,
        month = sep,
       volume = {118},
       number = {3},
        pages = {1406-1410},
          doi = {10.1086/301004},
archivePrefix = {arXiv},
       eprint = {astro-ph/9903081},
 primaryClass = {astro-ph},
       adsurl = {https://ui.adsabs.harvard.edu/abs/1999AJ....118.1406L},
      adsnote = {Provided by the SAO/NASA Astrophysics Data System}
}

@misc{derriere,
    title={Providing Photometric Data Measurements Description in VOTables},
    author={S. Derriere},
    year={2010},
    url={http://www.ivoa.net/internal/IVOA/PhotometryDataModel/NOTE-PPDMDesc-0.1-20101202.pdf}
}
@misc{FPSAccessProtocol_Note,
    title={Filter Profile Service Access Protocol, Version 1.0, IVOA Note 10 May 2013},
    author={C.Rodrigo, E. Solano},
    year={2013},
    url={https://ivoa.net/documents/Notes/SVOFPSDAL/}
}

@BOOK{2001eaa..book.....M,
       author = {{Murdin}, Paul},
        title = "{Encyclopedia of astronomy and astrophysics}",
         year = 2001,
       adsurl = {https://ui.adsabs.harvard.edu/abs/2001eaa..book.....M},
      adsnote = {Provided by the SAO/NASA Astrophysics Data System}
}

@misc{mcdowell2012ivoa,
    title={IVOA Recommendation: Spectrum Data Model 1.1},
    author={Jonathan McDowell and Doug Tody and Tamas Budavari and Markus Dolensky and Inga Kamp and Kelly McCusker and Pavlos Protopapas and Arnold Rots and Randy Thompson and Frank Valdes and Petr Skoda and Bruno Rino and Sebastien Derriere and Jesus Salgado and Omar Laurino and the IVOA Data Access Layer and Data Model Working Groups},
    year={2012},
    eprint={1204.3055},
    archivePrefix={arXiv},
    primaryClass={astro-ph.IM}
}

@ARTICLE{2004AJ....127.3508B,
       author = {{Bohlin}, R.~C. and {Gilliland}, R.~L.},
        title = "{Hubble Space Telescope Absolute Spectrophotometry of Vega from the FarUltraviolet to the Infrared}",
      journal = {Astronomical Journal},
     keywords = {Stars: Fundamental Parameters, Stars: Individual: Name: Vega, Techniques: Spectroscopic},
         year = 2004,
        month = jun,
       volume = {127},
       number = {6},
        pages = {3508-3515},
          doi = {10.1086/420715},
       adsurl = {https://ui.adsabs.harvard.edu/abs/2004AJ....127.3508B},
      adsnote = {Provided by the SAO/NASA Astrophysics Data System}
}








